@misc{CinUFPE,
  author = {Universidade Federal de Pernambuco Pró-Reitoria para assuntos acadêmicos},
  title = {Seguranca de Sistemas - Cin - UFPE},
  year = 2013,
\url = {https://www.cin.ufpe.br/~graduacao/reforma/p_e_seguranca_sistemas.html}},
  urldate = {2023-04-22}

@misc{author,
  author = {Blockchain in cybersecurity},
  title = {segsistem},
  url = https://en.digitalreport.com.tr/wp-content/uploads/sites/2/2023/02/blockchain-in-cyber-security-5.jpg},
  urldate = {2023-04-22}

@misc{Perfil,
  author = { UNIVERSIDADE FEDERAL DE PERNAMBUCO PRO-REITORIA PARA ASSUNTOS ACADEMICOS},
  title = {Relatório Perfil Curricular },
  year = 2013,
\url = {{https://www.ufpe.br/documents/38970/411209/ciencia_computacao_perfil_2002.pdf/09862676-8330-4642-af94-6ec9e8607a62/}},
  urldate = {2023-04-22}
}

